@misc{ECE133A:2018,
  author = {L.Vandenberghe},
  title = {Course material for the course ECE133A, UCLA},
  year = 2018,
  note = {\url{http://www.seas.ucla.edu/~vandenbe/ee133a.html}, Retrieved 6.9.2019},
  urldate = {6.9.2019}
}

@book{lay:2015,
	title={Linear Algebra and Its Applications},
	author={Lay, D.C. and Lay, S.R. and McDonald, J.J.},
	isbn={9781292092232},
	lccn={2014011617},
	series={Always Learning},
	url={https://books.google.no/books?id=CeL5rQEACAAJ},
	year={2015},
	publisher={Pearson Education Limited}
}

@book{Boyd:2004,
	author = {Boyd, Stephen and Vandenberghe, Lieven},
	title = {Convex Optimization},
	year = {2004},
	isbn = {0521833787},
	publisher = {Cambridge University Press},
	address = {New York, NY, USA},
} 